
@INPROCEEDINGS{Moore99,
  AUTHOR =       "R. Moore and J. Lopes",
  TITLE =        "Paper templates",
  BOOKTITLE =    "TEMPLATE'06, 1st International Conference on Template Production",
  YEAR =         "1999",
  publisher =    "SCITEPRESS",
  file = F
}

@BOOK{Smith98,
  AUTHOR =       "J. Smith",
  TITLE =        "The Book",
  PUBLISHER =    "The publishing company",
  YEAR =         "1998",
  address =      "London",
  edition =      "2nd",
  file = F
}
